<?xml version="1.0" encoding="UTF-8"?><collection xmlns="http://www.loc.gov/MARC21/slim"><record><leader>00477nam--2200121-i-4500</leader><controlfield tag="001">000007647</controlfield><controlfield tag="002">20161230</controlfield><controlfield tag="005">20161230201027</controlfield><controlfield tag="008">060222s1000------------r-----000-0-eng-d</controlfield><datafield ind1=" " ind2=" " tag="080"><subfield code="a">621.318.124:621.382:621.315.592</subfield></datafield><datafield ind1=" " ind2=" " tag="245"><subfield code="a">Cercetari si metode privind parametrii caracte ristici la substantele noi semiconductoare (ox izi ferite, etc) in jurul punctului curie (fer omagnetic si feroelectric)</subfield></datafield><datafield ind1=" " ind2=" " tag="260"><subfield code="a">Bucuresti, Institutul De Documentare Tehnica, 1964: 11 P</subfield></datafield><datafield ind1=" " ind2=" " tag="852"><subfield code="a">D.1157</subfield></datafield></record></collection>